@article{seifert2007implementing,
  title={Implementing positioning algorithms using accelerometers},
  author={Seifert, Kurt and Camacho, Oscar},
  journal={Freescale Semiconductor},
  volume={1},
  pages={13},
  year={2007}
}

@misc{hanly_2016, 
    title={Accelerometers: Taking the Guesswork out of Accelerometer Selection},
    url={https://blog.endaq.com/accelerometer-selection}, 
    journal={enDAQ Blog for Data Sensing and Analyzing}, 
    author={Hanly, Steve}, 
    year={2016}
}